@book{Adams,
	author={Adams, M. R. and Shifrin, T.},
	title={Linear {A}lgebra: {A} {G}eomtric {A}pproach},
	year={2011},
	publisher={W.H. Freeman}
}

@book{Scheinerman,
	author={Scheinerman, E.R.},
	title={{M}athematics {A} {D}iscrete {I}ntroduction},
	edition={3rd},
	year={2013},
	publisher={Brooks/Cole}
}

@book{VanDrumen,
    author={Vandrumen, T.},
    title={{D}iscrete {M}athematics and {F}unctional {P}rogramming},
    year={2012},
    publisher={Franklin Beedle and Associates}
}
