@book{Harper,
    author={Robert Harper},
    title={{P}rogramming in {S}tandard {ML}},
	year={2011},
	publisher={Carnegie Mellon University}
}
